@inproceedings{cit:on-the-prevalence-of-function-side-effects-in-general-purpose-open-source-software-systems,
  author    = {Alnaeli, Saleh M. and Taha, Amanda D. Ali. and Timm, Tyler},
  booktitle = {2016 IEEE 14th International Conference on Software Engineering Research, Management and Applications (SERA)},
  title     = {On the prevalence of function side effects in general purpose open source software systems},
  year      = {2016},
  pages     = {141-148},
  doi       = {10.1109/SERA.2016.7516139},
}

@inproceedings{cit:towards-purity-guided-refactoring-in-java,
  author    = {Yang, Jiachen and Hotta, Keisuke and Higo, Yoshiki and Kusumoto, Shinji},
  booktitle = {2015 IEEE International Conference on Software Maintenance and Evolution (ICSME)},
  title     = {Towards purity-guided refactoring in Java},
  year      = {2015},
  pages     = {521-525},
  doi       = {10.1109/ICSM.2015.7332506},
}

@book{cit:clean-code-a-handbook-of-agile-software-craftsmanship,
  author    = {Martin, Robert C. and Coplien, James O.},
  isbn      = {9780132350884},
  publisher = {Prentice Hall},
  title     = {Clean code: a handbook of agile software craftsmanship},
  year      = 2009,
}

@article{cit:pure-functions-in-c-a-small-keyword-for-automatic-parallelization,
  doi       = {10.1007/s10766-020-00660-4},
  year      = {2020},
  month     = {05},
  publisher = {Springer Science and Business Media {LLC}},
  volume    = {49},
  number    = {1},
  pages     = {1-24},
  author    = {Tim S\"{u}{\ss} and Lars Nagel and Marc-Andr{\'{e}} Vef and Andr{\'{e}} Brinkmann and Dustin Feld and Thomas Soddemann},
  title     = {Pure Functions in C: A Small Keyword for Automatic Parallelization},
  journal   = {International Journal of Parallel Programming},
}

@inproceedings{cit:safe-automated-refactoring-for-intelligent-parallelization-of-java-8-streams,
  author    = {Khatchadourian, Raffi and Tang, Yiming and Bagherzadeh, Mehdi and Ahmed, Syed},
  booktitle = {2019 IEEE/ACM 41st International Conference on Software Engineering (ICSE)},
  title     = {Safe Automated Refactoring for Intelligent Parallelization of Java 8 Streams},
  year      = {2019},
  pages     = {619-630},
  doi       = {10.1109/ICSE.2019.00072},
}

@inbook{cit:categories-for-the-working-mathematician,
  author    = {Mac Lane, Saunders},
  title     = {Monads and Algebras},
  booktitle = {Categories for the Working Mathematician},
  year      = {1978},
  publisher = {Springer New York},
  address   = {New York, NY},
  pages     = {137-159},
  isbn      = {978-1-4757-4721-8},
  doi       = {10.1007/978-1-4757-4721-8_7},
}

@online{cit:new-in-scala-3,
  url     = {https://docs.scala-lang.org/scala3/new-in-scala3.html#new--shiny-the-syntax},
  urldate = {2023-03-06},
  title   = {New in Scala 3 - New \& Shiny: The Syntax},
}

@online{cit:scala-extension-methods,
  url     = {https://docs.scala-lang.org/scala3/book/ca-extension-methods.html},
  urldate = {2023-03-06},
  title   = {Scala 3 Book - Extension Methods},
}

@book{cit:an-abstract-view-of-programming-languages,
  title     = {An abstract view of programming languages},
  author    = {Moggi, Eugenio},
  year      = {1989},
  publisher = {University of Edinburgh, Department of Computer Science, Laboratory for Foundations of Computer Science},
}

@article{cit:a-functional-theory-of-exceptions,
  title   = {A functional theory of exceptions},
  journal = {Science of Computer Programming},
  volume  = {14},
  number  = {1},
  pages   = {25-42},
  year    = {1990},
  issn    = {0167-6423},
  doi     = {https://doi.org/10.1016/0167-6423(90)90056-J},
  author  = {Mike Spivey},
}

@inproceedings{cit:the-essence-of-functional-programming,
  author    = {Wadler, Philip},
  title     = {The Essence of Functional Programming},
  year      = {1992},
  isbn      = {0897914538},
  publisher = {Association for Computing Machinery},
  address   = {New York, NY, USA},
  doi       = {10.1145/143165.143169},
  booktitle = {Proceedings of the 19th ACM SIGPLAN-SIGACT Symposium on Principles of Programming Languages},
  pages     = {1-14},
  numpages  = {14},
  location  = {Albuquerque, New Mexico, USA},
  series    = {POPL '92},
}

@inproceedings{cit:comprehending-monads,
  author    = {Wadler, Philip},
  title     = {Comprehending Monads},
  year      = {1990},
  isbn      = {089791368X},
  publisher = {Association for Computing Machinery},
  address   = {New York, NY, USA},
  doi       = {10.1145/91556.91592},
  booktitle = {Proceedings of the 1990 ACM Conference on LISP and Functional Programming},
  pages     = {61-78},
  numpages  = {18},
  location  = {Nice, France},
  series    = {LFP '90},
}

@article{cit:type-classes-in-haskell,
  author     = {Hall, Cordelia V. and Hammond, Kevin and Peyton Jones, Simon L. and Wadler, Philip L.},
  title      = {Type Classes in Haskell},
  year       = {1996},
  issue_date = {March 1996},
  publisher  = {Association for Computing Machinery},
  address    = {New York, NY, USA},
  volume     = {18},
  number     = {2},
  issn       = {0164-0925},
  doi        = {10.1145/227699.227700},
  journal    = {ACM Trans. Program. Lang. Syst.},
  month      = {03},
  pages      = {109-138},
  numpages   = {30},
}

@inproceedings{cit:type-classes-as-objects-and-implicits,
  author    = {Oliveira, Bruno C.d.S. and Moors, Adriaan and Odersky, Martin},
  title     = {Type Classes as Objects and Implicits},
  year      = {2010},
  isbn      = {9781450302036},
  publisher = {Association for Computing Machinery},
  address   = {New York, NY, USA},
  doi       = {10.1145/1869459.1869489},
  booktitle = {Proceedings of the ACM International Conference on Object Oriented Programming Systems Languages and Applications},
  pages     = {341-360},
  numpages  = {20},
  location  = {Reno/Tahoe, Nevada, USA},
  series    = {OOPSLA '10},
}

@online{cit:scala-book-type-classes,
  url     = {https://docs.scala-lang.org/scala3/book/ca-type-classes.html},
  urldate = {2023-03-06},
  title   = {Scala 3 Book - Type Classes},
}

@online{cit:scala-reference-type-lambdas,
  url     = {https://docs.scala-lang.org/scala3/reference/new-types/type-lambdas.html},
  urldate = {2023-03-06},
  title   = {Scala 3 Reference - Type Lambdas},
}

@online{cit:scala-reference-kind-projector-migration,
  url     = {https://docs.scala-lang.org/scala3/guides/migration/plugin-kind-projector.html},
  urldate = {2023-03-06},
  title   = {Scala 3 Migration Guide - Kind Projector Migration},
}

@online{cit:scala-reference-wildcard-arguments-in-types,
  url     = {https://docs.scala-lang.org/scala3/reference/changed-features/wildcards.html},
  urldate = {2023-03-06},
  title   = {Scala 3 Reference - Wildcard Arguments in Types},
}

@online{cit:scala-book-control-structures,
  url     = {https://docs.scala-lang.org/scala3/book/control-structures.html#for-expressions},
  urldate = {2023-03-06},
  title   = {Scala 3 Book - Control Structures},
}

@inbook{cit:tackling-the-awkward-squad,
  author    = {Peyton Jones, Simon},
  title     = {Tackling the awkward squad: monadic input/output, concurrency, exceptions, and foreign-language calls in Haskell},
  booktitle = {Engineering theories of software construction},
  year      = {2001},
  month     = {01},
  publisher = {IOS Press},
  pages     = {47-96},
  isbn      = {ISBN 1 58603 1724},
}

@inproceedings{cit:a-history-of-haskell-being-lazy-with-class,
  author    = {Peyton Jones, Simon},
  title     = {A History of Haskell: being lazy with class},
  booktitle = {The Third ACM SIGPLAN History of Programming Languages Conference (HOPL-III)},
  year      = {2007},
  month     = {06},
  edition   = {The Third ACM SIGPLAN History of Programming Languages Conference (HOPL-III)},
}

@online{cit:retry,
  url     = {https://hackage.haskell.org/package/retry},
  urldate = {2023-03-06},
  title   = {retry: Retry combinators for monadic actions that may fail},
}

@inproceedings{cit:stackless-scala-with-free-monads,
  title  = {Stackless Scala With Free Monads},
  author = {R{\'u}nar {\'O}li Bjarnason},
  year   = {2012},
  month  = {04},
  url    = {http://days2012.scala-lang.org/sites/days2012/files/bjarnason_trampolines.pdf},
}

@online{cit:cats-effect-stack-safety,
  url     = {https://typelevel.org/cats-effect/docs/2.x/datatypes/io#stack-safety},
  urldate = {2023-03-06},
  title   = {Cats Effect - Stack Safety},
}

@online{cit:requests-scala,
  url     = {https://github.com/com-lihaoyi/requests-scala},
  urldate = {2023-03-06},
  title   = {Requests-Scala},
}

@online{cit:http-conduit,
  url     = {https://hackage.haskell.org/package/http-conduit-2.3.8},
  urldate = {2023-03-06},
  title   = {http-conduit: HTTP client package with conduit interface and HTTPS support},
}

@article{cit:monadic-parsing-in-haskell,
  title     = {Monadic parsing in Haskell},
  volume    = {8},
  doi       = {10.1017/S0956796898003050},
  number    = {4},
  journal   = {Journal of Functional Programming},
  publisher = {Cambridge University Press},
  author    = {Hutton, Graham and Meijer, Erik},
  year      = {1998},
  pages     = {437-444},
}

@inproceedings{cit:monad-transformers-and-modular-interpreters,
  author    = {Liang, Sheng and Hudak, Paul and Jones, Mark},
  title     = {Monad Transformers and Modular Interpreters},
  year      = {1995},
  isbn      = {0897916921},
  publisher = {Association for Computing Machinery},
  address   = {New York, NY, USA},
  doi       = {10.1145/199448.199528},
  booktitle = {Proceedings of the 22nd ACM SIGPLAN-SIGACT Symposium on Principles of Programming Languages},
  pages     = {333-343},
  numpages  = {11},
  location  = {San Francisco, California, USA},
  series    = {POPL '95},
}

@online{cit:mtl,
  url     = {https://hackage.haskell.org/package/mtl},
  urldate = {2023-03-06},
  title   = {mtl: Monad classes for transformers, using functional dependencies},
}

@article{cit:which-monads-haskell-developers-use-an-exploratory-study,
  title   = {Which monads Haskell developers use: An exploratory study},
  journal = {Science of Computer Programming},
  volume  = {201},
  pages   = {102523},
  year    = {2021},
  issn    = {0167-6423},
  doi     = {https://doi.org/10.1016/j.scico.2020.102523},
  author  = {Ismael Figueroa and Paul Leger and Hiroaki Fukuda},
}

@inproceedings{cit:evolution-of-a-haskell-repository-and-its-use-of-monads-an-exploratory-study-of-stackage,
  author = {Leger, Paul and Ruiz, Felipe and Sepúlveda, Nicolás and Figueroa, Ismael},
  year   = {2022},
  month  = {01},
  title  = {Evolution of a Haskell Repository and its Use of Monads: An Exploratory Study of Stackage},
  doi    = {10.1145/3477314.3506982},
}

@online{cit:cats-mtl,
  url     = {https://typelevel.org/cats-mtl/index.html},
  urldate = {2023-03-06},
  title   = {Cats MTL},
}

@inproceedings{cit:functional-programming-with-overloading-and-higher-order-polymorphism,
  author    = {Jones, Mark P.},
  editor    = {Jeuring, Johan and Meijer, Erik},
  title     = {Functional programming with overloading and higher-order polymorphism},
  booktitle = {Advanced Functional Programming},
  year      = {1995},
  publisher = {Springer Berlin Heidelberg},
  address   = {Berlin, Heidelberg},
  pages     = {97-136},
  isbn      = {978-3-540-49270-2},
}

@online{cit:context-bounds,
  url     = {https://docs.scala-lang.org/scala3/reference/contextual/context-bounds.html},
  urldate = {2023-03-06},
  title   = {Scala 3 Reference - Context Bounds},
}

@book{cit:design-concepts-in-programming-languages,
  author    = {Turbak, Franklyn A. and Gifford, David K.},
  title     = {Design Concepts in Programming Languages},
  year      = {2008},
  isbn      = {0262201755},
  publisher = {The MIT Press},
}

@inproceedings{cit:safer-exceptions-for-scala,
  author    = {Odersky, Martin and Boruch-Gruszecki, Aleksander and Brachth\"{a}user, Jonathan Immanuel and Lee, Edward and Lhot\'{a}k, Ond\v{r}ej},
  title     = {Safer Exceptions for Scala},
  year      = {2021},
  isbn      = {9781450391139},
  publisher = {Association for Computing Machinery},
  address   = {New York, NY, USA},
  doi       = {10.1145/3486610.3486893},
  booktitle = {Proceedings of the 12th ACM SIGPLAN International Symposium on Scala},
  pages     = {1-11},
  numpages  = {11},
  location  = {Chicago, IL, USA},
  series    = {SCALA 2021},
}

@online{cit:scala-3-reference-canthrow,
  url     = {https://docs.scala-lang.org/scala3/reference/experimental/canthrow.html},
  title   = {Scala 3 Reference - CanThrow},
  urldate = {2023-03-06},
}

@article{cit:effects-capabilities-and-boxes-from-scope-based-reasoning-to-type-based-reasoning-and-back,
  title     = {Effects, Capabilities, and Boxes From Scope-Based  Reasoning to Type-Based Reasoning and Back},
  author    = {Brachthaeuser, Jonathan Immanuel and Schuster, Philipp and  Lee, Edward and Boruch-Gruszecki, Aleksander},
  publisher = {ASSOC COMPUTING MACHINERY},
  journal   = {Proceedings Of The Acm On Programming Languages-Pacmpl},
  address   = {New York},
  number    = {OOPSLA},
  volume    = {6},
  pages     = {76},
  year      = {2022},
  doi       = {https://doi.org/10.1145/3527320},
}

@online{cit:caprese,
  url     = {https://recruiting.epfl.ch/Vacancies/2452/Description/2},
  title   = {EPFL - Postdoctoral Researcher on Type Systems for Resources and Effects},
  urldate = {2023-03-06},
}

@article{cit:programming-monads-operationally-with-unimo,
  author     = {Lin, Chuan-kai},
  title      = {Programming Monads Operationally with Unimo},
  year       = {2006},
  issue_date = {September 2006},
  publisher  = {Association for Computing Machinery},
  address    = {New York, NY, USA},
  volume     = {41},
  number     = {9},
  issn       = {0362-1340},
  doi        = {10.1145/1160074.1159840},
  journal    = {SIGPLAN Not.},
  month      = {09},
  pages      = {274-285},
  numpages   = {12},
}

@article{cit:data-types-a-la-carte,
  title     = {Data types à la carte},
  volume    = {18},
  doi       = {10.1017/S0956796808006758},
  number    = {4},
  journal   = {Journal of Functional Programming},
  publisher = {Cambridge University Press},
  author    = {SWIERSTRA, WOUTER},
  year      = {2008},
  pages     = {423-436},
}

@article{cit:freer-monads-more-extensible-effects,
  author     = {Kiselyov, Oleg and Ishii, Hiromi},
  title      = {Freer Monads, More Extensible Effects},
  year       = {2015},
  issue_date = {December 2015},
  publisher  = {Association for Computing Machinery},
  address    = {New York, NY, USA},
  volume     = {50},
  number     = {12},
  issn       = {0362-1340},
  doi        = {10.1145/2887747.2804319},
  journal    = {SIGPLAN Not.},
  month      = {08},
  pages      = {94-105},
  numpages   = {12},
}

@inproceedings{cit:fusion-for-free,
  author    = {Wu, Nicolas and Schrijvers, Tom},
  editor    = {Hinze, Ralf and Voigtl{\"a}nder, Janis},
  title     = {Fusion for Free},
  booktitle = {Mathematics of Program Construction},
  year      = {2015},
  publisher = {Springer International Publishing},
  address   = {Cham},
  pages     = {302-322},
  isbn      = {978-3-319-19797-5},
}

@inproceedings{cit:monad-transformers-and-modular-algebraic-effects,
  author    = {Schrijvers, Tom and Pir\'{o}g, Maciej and Wu, Nicolas and Jaskelioff, Mauro},
  title     = {Monad Transformers and Modular Algebraic Effects: What Binds Them Together},
  year      = {2019},
  isbn      = {9781450368131},
  publisher = {Association for Computing Machinery},
  address   = {New York, NY, USA},
  doi       = {10.1145/3331545.3342595},
  booktitle = {Proceedings of the 12th ACM SIGPLAN International Symposium on Haskell},
  pages     = {98-113},
  numpages  = {16},
  location  = {Berlin, Germany},
  series    = {Haskell 2019},
}

@article{cit:a-poor-mans-concurrency-monad,
  author    = {Claessen, Koen},
  title     = {A Poor Man's Concurrency Monad},
  year      = {1999},
  publisher = {Cambridge University Press},
  address   = {USA},
  volume    = {9},
  number    = {3},
  doi       = {10.1017/S0956796899003342},
  journal   = {J. Funct. Program.},
  month     = {05},
  pages     = {313-323},
  numpages  = {11},
}

@online{cit:scala3-union-types,
  url     = {https://docs.scala-lang.org/scala3/reference/new-types/union-types.html},
  title   = {Scala 3 Reference - Union Types},
  urldate = {2023-03-06},
}

@online{cit:arrow-monad-comprehensions,
  url     = {https://arrow-kt.io/docs/patterns/monad_comprehensions/},
  title   = {Arrow - Monad comprehensions},
  urldate = {2023-03-06},
}

@online{cit:zio,
  url     = {https://zio.dev},
  title   = {ZIO - Type-safe, composable asynchronous and concurrent programming for Scala},
  urldate = {2023-03-06},
}

@online{cit:cats,
  url     = {https://typelevel.org/cats/},
  title   = {Cats Scala},
  urldate = {2023-03-06},
}

@online{cit:ppx-let,
  url     = {https://github.com/janestreet/ppx_let},
  title   = {ppxlet - Monadic let binding in OCaml},
  urldate = {2023-03-06},
}

@article{cit:handling-algebraic-effects,
  title   = {Handling Algebraic Effects},
  author  = {Gordon D Plotkin and Matija Pretnar},
  doi     = {10.2168/LMCS-9(4:23)2013},
  journal = {Logical Methods in Computer Science},
  volume  = {9},
  number  = {4},
  year    = {2013},
  month   = {12},
}

@article{cit:computational-effects-and-operations-an-overview,
  title     = {Computational Effects and Operations: An Overview},
  author    = {G Plotkin and John Power},
  year      = {2004},
  month     = {10},
  day       = {25},
  doi       = {10.1016/j.entcs.2004.08.008},
  language  = {English},
  volume    = {73},
  pages     = {149-163},
  journal   = {Electronic Notes in Theoretical Computer Science},
  issn      = {1571-0661},
  publisher = {Elsevier},
}

@inproceedings{cit:handlers-of-algebraic-effects,
  author    = {Plotkin, Gordon and Pretnar, Matija},
  editor    = {Castagna, Giuseppe},
  title     = {Handlers of Algebraic Effects},
  booktitle = {Programming Languages and Systems},
  year      = {2009},
  publisher = {Springer Berlin Heidelberg},
  address   = {Berlin, Heidelberg},
  pages     = {80-94},
  isbn      = {978-3-642-00590-9},
}

@article{cit:algebraic-effect-handlers-go-mainstream,
  author    = {Sivaramakrishnan Krishnamoorthy Chandrasekaran and Daan Leijen and Matija Pretnar and Tom Schrijvers},
  title     = {Algebraic Effect Handlers go Mainstream (Dagstuhl Seminar 18172)},
  pages     = {104-125},
  journal   = {Dagstuhl Reports},
  issn      = {2192-5283},
  year      = {2018},
  volume    = {8},
  number    = {4},
  editor    = {Sivaramakrishnan Krishnamoorthy Chandrasekaran and Daan Leijen and Matija Pretnar and Tom Schrijvers},
  publisher = {Schloss Dagstuhl--Leibniz-Zentrum fuer Informatik},
  address   = {Dagstuhl, Germany},
  doi       = {10.4230/DagRep.8.4.104},
}

@inproceedings{cit:retrofitting-effect-handlers-onto-ocaml,
  author    = {Sivaramakrishnan, KC and Dolan, Stephen and White, Leo and Kelly, Tom and Jaffer, Sadiq and Madhavapeddy, Anil},
  title     = {Retrofitting Effect Handlers onto OCaml},
  year      = {2021},
  isbn      = {9781450383912},
  publisher = {Association for Computing Machinery},
  address   = {New York, NY, USA},
  doi       = {10.1145/3453483.3454039},
  booktitle = {Proceedings of the 42nd ACM SIGPLAN International Conference on Programming Language Design and Implementation},
  pages     = {206-221},
  numpages  = {16},
  location  = {Virtual, Canada},
  series    = {PLDI 2021},
}

@online{cit:wasmfx,
  url     = {https://wasmfx.dev},
  title   = {WasmFX - Effect Handlers for WebAssembly},
  urldate = {2023-03-06},
}

@online{cit:fused-effects,
  url     = {https://hackage.haskell.org/package/fused-effects},
  title   = {fused-effects: A fast, flexible, fused effect system},
  urldate = {2023-03-06},
}

@online{cit:effect-handlers,
  url     = {https://hackage.haskell.org/package/effect-handlers},
  title   = {effect-handlers: A library for writing extensible algebraic effects and handlers},
  urldate = {2023-03-06},
}

@online{cit:extensible-effects,
  url     = {https://hackage.haskell.org/package/extensible-effects},
  title   = {extensible-effects: An Alternative to Monad Transformers},
  urldate = {2023-03-06},
}

@online{cit:scala-effekt,
  url     = {https://b-studios.de/scala-effekt/},
  title   = {Scala Effekt: Extensible algebraic effects with handlers},
  urldate = {2023-03-06},
}

@online{cit:eff-lang,
  url     = {https://www.eff-lang.org},
  title   = {Eff},
  urldate = {2023-03-06},
}

@online{cit:effekt-lang,
  url     = {https://effekt-lang.org},
  title   = {Effekt - A research language with effect handlers and lightweight effect polymorphism},
  urldate = {2023-03-06},
}

@online{cit:koka-lang,
  url     = {https://koka-lang.github.io/koka/doc/index.html},
  title   = {Koka - A Functional Language with Effect Types and Handlers},
  urldate = {2023-03-06},
}

@online{cit:unison-lang,
  url     = {https://www.unison-lang.org},
  title   = {Unison - a friendly programming language from the future},
  urldate = {2023-03-06},
}

@article{cit:algebraic-operations-and-generic-effects,
  title     = {Algebraic operations and generic effects},
  author    = {Gordon Plotkin and John Power},
  year      = {2003},
  doi       = {10.1023/A:1023064908962},
  language  = {English},
  volume    = {11},
  pages     = {69-94},
  journal   = {Applied Categorical Structures},
  issn      = {0927-2852},
  publisher = {Springer Netherlands},
  number    = {1},
}

@inproceedings{cit:perceus-garbage-free-reference-counting-with-reuse,
  author    = {Reinking, Alex and Xie, Ningning and de Moura, Leonardo and Leijen, Daan},
  title     = {Perceus: Garbage Free Reference Counting with Reuse},
  year      = {2021},
  isbn      = {9781450383912},
  publisher = {Association for Computing Machinery},
  address   = {New York, NY, USA},
  doi       = {10.1145/3453483.3454032},
  booktitle = {Proceedings of the 42nd ACM SIGPLAN International Conference on Programming Language Design and Implementation},
  pages     = {96-111},
  numpages  = {16},
  location  = {Virtual, Canada},
  series    = {PLDI 2021},
}

@online{cit:koka-benchmarks,
  url     = {https://github.com/koka-lang/koka#benchmarks},
  title   = {Koka - Benchmarks},
  urldate = {2023-03-06},
}

@inproceedings{cit:koka-programming-with-row-polymorphic-effect-types,
  title     = {Koka: Programming with Row Polymorphic Effect Types},
  author    = {Daan Leijen},
  booktitle = {MSFP},
  year      = {2014},
}

@techreport{cit:algebraic-effects-for-functional-programming,
  title       = {Algebraic effects for functional programming},
  author      = {Leijen, Daan},
  year        = {2016},
  institution = {Technical Report. MSR-TR-2016-29. Microsoft Research technical report},
}

@inproceedings{cit:structured-asynchrony-with-algebraic-effects,
  author    = {Leijen, Daan},
  title     = {Structured Asynchrony with Algebraic Effects},
  year      = {2017},
  isbn      = {9781450351836},
  publisher = {Association for Computing Machinery},
  address   = {New York, NY, USA},
  doi       = {10.1145/3122975.3122977},
  booktitle = {Proceedings of the 2nd ACM SIGPLAN International Workshop on Type-Driven Development},
  pages     = {16-29},
  numpages  = {14},
  location  = {Oxford, UK},
  series    = {TyDe 2017},
}

@online{cit:yield-statement-c-sharp,
  url     = {https://learn.microsoft.com/en-us/dotnet/csharp/language-reference/statements/yield},
  title   = {yield statements - C\# Language Reference},
  urldate = {2023-03-06},
}

@online{cit:yield-statement-javascript,
  url     = {https://developer.mozilla.org/en-US/docs/Web/JavaScript/Reference/Statements/function*},
  title   = {function* - MDN Web Docs, JavaScript language reference},
  urldate = {2023-03-06},
}

@online{cit:yield-statement-python,
  url     = {https://docs.python.org/3/reference/expressions.html#yield-expressions},
  title   = {yield expression - Python language reference},
  urldate = {2023-03-06},
}

@online{cit:iterators-technical-implementation,
  url     = {https://learn.microsoft.com/en-us/dotnet/csharp/programming-guide/concepts/iterators#technical-implementation},
  title   = {Iterators Technical Implementation - C\# Programming Guide},
  urldate = {2023-03-06},
}

@online{cit:ts-effect,
  url     = {https://github.com/Effect-TS/effect},
  title   = {effect: A Fully-fledged functional effect system for typescript with a rich standard library},
  urldate = {2023-03-06},
}

@article{cit:pyro,
  author  = {Phan, Du and Pradhan, Neeraj and Jankowiak, Martin},
  title   = {Composable Effects for Flexible and Accelerated Probabilistic Programming in NumPyro},
  journal = {arXiv preprint arXiv:1912.11554},
  year    = {2019},
}